@article{alrumiah2021implementing,
  title={Implementing big data analytics in e-commerce: Vendor and customer view},
  author={Alrumiah, Sarah S and Hadwan, Mohammed},
  journal={Ieee Access},
  volume={9},
  pages={37281--37286},
  year={2021},
  publisher={IEEE}
}

@article{annesley2010bars,
  title={Bars and pies make better desserts than figures},
  author={Annesley, Thomas M},
  journal={Clinical chemistry},
  volume={56},
  number={9},
  pages={1394--1400},
  year={2010},
  publisher={Oxford University Press}
}

@inproceedings{atallah1999disclosure,
  title={Disclosure limitation of sensitive rules},
  author={Atallah, Mike and Bertino, Elisa and Elmagarmid, Ahmed and Ibrahim, Mohamed and Verykios, Vassilios},
  booktitle={Proceedings 1999 Workshop on Knowledge and Data Engineering Exchange (KDEX'99)(Cat. No. PR00453)},
  pages={45--52},
  year={1999},
  organization={IEEE}
}

@article{bach2022dashboard,
  title={Dashboard design patterns},
  author={Bach, Benjamin and Freeman, Euan and Abdul-Rahman, Alfie and Turkay, Cagatay and Khan, Saiful and Fan, Yulei and Chen, Min},
  journal={IEEE transactions on visualization and computer graphics},
  volume={29},
  number={1},
  pages={342--352},
  year={2022},
  publisher={IEEE}
}

@article{bandyopadhyay2021product,
  title={Product recommendation for e-commerce business by applying principal component analysis (PCA) and K-means clustering: benefit for the society},
  author={Bandyopadhyay, Soma and Thakur, SS and Mandal, JK},
  journal={Innovations in Systems and Software Engineering},
  volume={17},
  number={1},
  pages={45--52},
  year={2021},
  publisher={Springer}
}

@article{bonner1964some,
  title={On some clustering techniques},
  author={Bonner, Raymond E},
  journal={IBM journal of research and development},
  volume={8},
  number={1},
  pages={22--32},
  year={1964},
  publisher={IBM}
}

@misc{chang2024shiny,
  title={shiny: Web Application Framework for R. R package version 1.8. 1.9000},
  author={Chang, W and Cheng, J and Allaire, J and Sievert, C and Schloerke, B and Xie, Y and Allen, J and McPherson, J and Dipert, A and Borges, B},
  year={2024}
}

@article{echeverria2018exploratory,
  title={Exploratory versus explanatory visual learning analytics: Driving teachersâ€™ attention through educational data storytelling},
  author={Echeverria, Vanessa and Martinez-Maldonado, Roberto and Shum, Simon Buckingham and Chiluiza, Katherine and Granda, Roger and Conati, Cristina},
  journal={Journal of Learning Analytics},
  volume={5},
  number={3},
  pages={73--97},
  year={2018},
  publisher={ERIC/CSMEE Publications, Ohio State University}
}

@inproceedings{echeverria2018driving,
  title={Driving data storytelling from learning design},
  author={Echeverria, Vanessa and Martinez-Maldonado, Roberto and Granda, Roger and Chiluiza, Katherine and Conati, Cristina and Buckingham Shum, Simon},
  booktitle={Proceedings of the 8th international conference on learning analytics and knowledge},
  pages={131--140},
  year={2018}
}

@article{fayyad1996kdd,
  title={The KDD process for extracting useful knowledge from volumes of data},
  author={Fayyad, Usama and Piatetsky-Shapiro, Gregory and Smyth, Padhraic},
  journal={Communications of the ACM},
  volume={39},
  number={11},
  pages={27--34},
  year={1996},
  publisher={ACM New York, NY, USA}
}

@article{fedirko2021data,
  title={Data science and marketing in E-commerce amid COVID-19 pandemic},
  author={Fedirko, Olha and Zatonatska, Tetiana and Wo{\l}owiec, Tomasz and Skowron, Stanis{\l}aw},
  year={2021},
  publisher={University of Piraeus. International Strategic Management Association}
}

@article{few2007dashboard,
  title={Dashboard confusion revisited},
  author={Few, Stephen and Edge, Perceptual},
  journal={Perceptual Edge},
  pages={1--6},
  year={2007}
}

@article{forgy1965cluster,
  title={Cluster analysis of multivariate data: efficiency versus interpretability of classifications},
  author={Forgy, Edward W},
  journal={biometrics},
  volume={21},
  pages={768--769},
  year={1965}
}

@article{gregory2019developing,
  title={Developing e-commerce marketing capabilities and efficiencies for enhanced performance in business-to-business export ventures},
  author={Gregory, Gary D and Ngo, Liem Viet and Karavdic, Munib},
  journal={Industrial Marketing Management},
  volume={78},
  pages={146--157},
  year={2019},
  publisher={Elsevier}
}

@article{hartigan1979algorithm,
  title={Algorithm AS 136: A k-means clustering algorithm},
  author={Hartigan, John A and Wong, Manchek A},
  journal={Journal of the royal statistical society. series c (applied statistics)},
  volume={28},
  number={1},
  pages={100--108},
  year={1979},
  publisher={JSTOR}
}

@misc{inc2015collaborative,
  title={Collaborative data science, Montreal, QC: Plotly Technologies Inc},
  author={Inc, PT},
  year={2015}
}

@article{jain2021overview,
  title={An overview of electronic commerce (e-Commerce)},
  author={Jain, Vipin and Malviya, BINDOO and Arya, SATYENDRA},
  journal={Journal of Contemporary Issues in Business and Government},
  volume={27},
  number={3},
  pages={665--670},
  year={2021},
  publisher={Society of Business and management}
}

@article{janes2013effective,
  title={Effective dashboard design},
  author={Janes, Andrea and Sillitti, Alberto and Succi, Giancarlo and others},
  journal={Cutter IT journal},
  volume={26},
  number={1},
  pages={17--24},
  year={2013}
}

@article{kamthania2018market,
  title={Market segmentation analysis and visualization using K-mode clustering algorithm for E-commerce business},
  author={Kamthania, Deepali and Pawa, Ashish and Madhavan, Srijit S},
  journal={Journal of computing and information technology},
  volume={26},
  number={1},
  pages={57--68},
  year={2018},
  publisher={Fakultet elektrotehnike i ra{\v{c}}unarstva Sveu{\v{c}}ili{\v{s}}ta u Zagrebu}
}

@book{knaflic2015storytelling,
  title={Storytelling with data: A data visualization guide for business professionals},
  author={Knaflic, Cole Nussbaumer},
  year={2015},
  publisher={John Wiley \& Sons}
}

@incollection{kohli2020sales,
  title={Sales prediction using linear and KNN regression},
  author={Kohli, Shreya and Godwin, Gracia Tabitha and Urolagin, Siddhaling},
  booktitle={Advances in Machine Learning and Computational Intelligence: Proceedings of ICMLCI 2019},
  pages={321--329},
  year={2020},
  publisher={Springer}
}

@article{laney20013d,
  title={3D data management: Controlling data volume, velocity and variety},
  author={Laney, Doug and others},
  journal={META group research note},
  volume={6},
  number={70},
  pages={1},
  year={2001},
  publisher={Stanford}
}

@article{lloyd1982least,
  title={Least squares quantization in PCM},
  author={Lloyd, Stuart},
  journal={IEEE transactions on information theory},
  volume={28},
  number={2},
  pages={129--137},
  year={1982},
  publisher={IEEE}
}

@inproceedings{macqueen1967some,
  title={Some methods for classification and analysis of multivariate observations},
  author={MacQueen, James and others},
  booktitle={Proceedings of the fifth Berkeley symposium on mathematical statistics and probability},
  volume={1},
  number={14},
  pages={281--297},
  year={1967},
  organization={Oakland, CA, USA}
}

@article{midway2020principles,
  title={Principles of effective data visualization},
  author={Midway, Stephen R},
  journal={Patterns},
  volume={1},
  number={9},
  year={2020},
  publisher={Elsevier}
}

@inproceedings{nielsen1994enhancing,
  title={Enhancing the explanatory power of usability heuristics},
  author={Nielsen, Jakob},
  booktitle={Proceedings of the SIGCHI conference on Human Factors in Computing Systems},
  pages={152--158},
  year={1994}
}

@article{norman2004affordances,
  title={Affordances and design},
  author={Norman, Don},
  journal={Unpublished article, available online at: http://www. jnd. org/dn. mss/affordances-and-design. html},
  pages={14},
  year={2004},
  publisher={Citeseer}
}

@inproceedings{pappas2011riding,
  title={Riding the technology wave: Effective dashboard data visualization},
  author={Pappas, Lisa and Whitman, Lisa},
  booktitle={Human Interface and the Management of Information. Interacting with Information: Symposium on Human Interface 2011, Held as Part of HCI International 2011, Orlando, FL, USA, July 9-14, 2011, Proceedings, Part I},
  pages={249--258},
  year={2011},
  organization={Springer}
}

@inproceedings{piskunova2020classification,
  title={Classification of e-commerce customers based on Data Science techniques},
  author={Piskunova, Olena and Klochko, Rostyslav},
  booktitle={CEUR Workshop Proc},
  volume={2649},
  pages={6--20},
  year={2020}
}

@article{provost2013data,
  title={Data science and its relationship to big data and data-driven decision making},
  author={Provost, Foster and Fawcett, Tom},
  journal={Big data},
  volume={1},
  number={1},
  pages={51--59},
  year={2013},
  publisher={Mary Ann Liebert, Inc. 140 Huguenot Street, 3rd Floor New Rochelle, NY 10801 USA}
}

@article{qin2020making,
  title={Making data visualization more efficient and effective: a survey},
  author={Qin, Xuedi and Luo, Yuyu and Tang, Nan and Li, Guoliang},
  journal={The VLDB Journal},
  volume={29},
  number={1},
  pages={93--117},
  year={2020},
  publisher={Springer}
}

@Manual{Rprogramminglanguage,
  title = {R: A Language and Environment for Statistical Computing},
  author = {{R Core Team}},
  organization = {R Foundation for Statistical Computing},
  address = {Vienna, Austria},
  year = {2021},
  url = {https://www.R-project.org/},
}

@article{ranjan2021big,
  title={Big data analytics in building the competitive intelligence of organizations},
  author={Ranjan, Jayanthi and Foropon, Cyril},
  journal={International Journal of Information Management},
  volume={56},
  pages={102231},
  year={2021},
  publisher={Elsevier}
}

@article{rousseeuw1987silhouettes,
  title={Silhouettes: a graphical aid to the interpretation and validation of cluster analysis},
  author={Rousseeuw, Peter J},
  journal={Journal of computational and applied mathematics},
  volume={20},
  pages={53--65},
  year={1987},
  publisher={Elsevier}
}

@misc{Seagate.com,
  title={The Growth and Sprawl of Data},
  author={Seagate},
  url={https://www.seagate.com/gb/en/blog/the-growth-and-sprawl-of-data/}, 
  journal={Seagate.com}
} 

@inproceedings{sen2020supervised,
  title={Supervised classification algorithms in machine learning: A survey and review},
  author={Sen, Pratap Chandra and Hajra, Mahimarnab and Ghosh, Mitadru},
  booktitle={Emerging Technology in Modelling and Graphics: Proceedings of IEM Graph 2018},
  pages={99--111},
  year={2020},
  organization={Springer}
}

@article{popat2014review,
  title={Review and comparative study of clustering techniques},
  author={Popat, Shraddha K and Emmanuel, M},
  journal={International journal of computer science and information technologies},
  volume={5},
  number={1},
  pages={805--812},
  year={2014},
  publisher={Citeseer}
}

@misc{Vailshery_2024, 
  title={Most used languages among software developers globally 2023}, 
  url={https://www.statista.com/statistics/793628/worldwide-developer-survey-most-used-languages/}, 
  journal={Statista}, 
  author={Vailshery, Lionel Sujay}, 
  year={2024}, 
  month={Apr}
} 

@inproceedings{syakur2018integration,
  title={Integration k-means clustering method and elbow method for identification of the best customer profile cluster},
  author={Syakur, MA and Khotimah, B Khusnul and Rochman, EMS and Satoto, Budi Dwi},
  booktitle={IOP conference series: materials science and engineering},
  volume={336},
  pages={012017},
  year={2018},
  organization={IOP Publishing}
}

@misc{TIOBE_2022, 
  title={TIOBE Index},
  author={TIOBE},
  url={https://www.tiobe.com/tiobe-index/}, 
  journal={TIOBE}, 
  year={2022}, 
  month={Jun}
} 

@book{tufte2001visual,
  title={The visual display of quantitative information},
  author={Tufte, Edward R},
  volume={2},
  year={2001},
  publisher={Graphics press Cheshire, CT}
}

@book{turban2017introduction,
  title={Introduction to electronic commerce and social commerce},
  author={Turban, Efraim and Whiteside, Judy and King, David and Outland, Jon},
  year={2017},
  publisher={Springer}
}

@article{wagemans2012century1,
  title={A century of Gestalt psychology in visual perception: I. Perceptual grouping and figure--ground organization.},
  author={Wagemans, Johan and Elder, James H and Kubovy, Michael and Palmer, Stephen E and Peterson, Mary A and Singh, Manish and Von der Heydt, R{\"u}diger},
  journal={Psychological bulletin},
  volume={138},
  number={6},
  pages={1172},
  year={2012},
  publisher={American Psychological Association}
}

@article{wagemans2012century2,
  title={A century of Gestalt psychology in visual perception: II. Conceptual and theoretical foundations.},
  author={Wagemans, Johan and Feldman, Jacob and Gepshtein, Sergei and Kimchi, Ruth and Pomerantz, James R and Van der Helm, Peter A and Van Leeuwen, Cees},
  journal={Psychological bulletin},
  volume={138},
  number={6},
  pages={1218},
  year={2012},
  publisher={American Psychological Association}
}

@book{wickham2016data,
  title={Data analysis},
  author={Wickham, Hadley and Wickham, Hadley},
  year={2016},
  publisher={Springer}
}

@misc{Wikipedia_2024, 
  title={General Purpose Programming Language},
  author={Wikipedia},
  url={https://en.wikipedia.org/w/index.php?title=General-purpose_programming_language}, 
  journal={Wikipedia}, 
  publisher={Wikimedia Foundation}, 
  year={2024}, 
  month={May}
} 

@book{wilkinson2012grammar,
  title={The grammar of graphics},
  author={Wilkinson, Leland},
  year={2012},
  publisher={Springer}
}

@article{xu2020commerce,
  title={E-commerce product review sentiment classification based on a na{\"\i}ve Bayes continuous learning framework},
  author={Xu, Feng and Pan, Zhenchun and Xia, Rui},
  journal={Information Processing \& Management},
  volume={57},
  number={5},
  pages={102221},
  year={2020},
  publisher={Elsevier}
}